@manual{2mcp14,
    title           = {2MCP14, 143-148 MHz},
    organization    = {M2 Antenna Systems, Inc.},
    address         = {4402 N. Selland Ave., Fresno, USA, CA 93722},
    year            = {2021},
    note            = {Available at <\url{https://www.m2inc.com/FG2MCP14}>}
}
