@manual{a719b,
    title           = {719B - 70 cm Broadband Boomer SSB/CW/FM Yagi 430-450 MHz},
    organization    = {Cushcraft Corp.},
    address         = {48 Perimeter Road, Manchester, NH 03106 USA},
    note            = {Available at <\url{https://mfjenterprises.com/collections/cushcraft/products/a719b}>}
}
