@manual{b210,
    title           = {USRP B210},
    organization    = {Ettus Research},
    address         = {11500 North Mopac Expressway, Austin, Tx 78759, USA},
    note            = {Available at <\url{https://www.ettus.com/all-products/ub210-kit/}>}
}
