@manual{cds,
    title        = {{CubeSat Design Specification}},
    author       = {{The CubeSat Program}},
    organization = {California Polytechnic State University},
    address      = {San Luis Obispo, CA - EUA},
    edition      = {13th},
    month        = {February},
    year         = {2014},
    note         = {Available at: <\url{<http://www.cubesat.org/}>}
}
