@manual{cmocka,
    title           = {cmocka},
    author          = {cmoka developers},
    year            = {2021},
    note            = {Available at <\url{https://cmocka.org/}>}
}
