@manual{emmn,
    title           = {Estação multimissão de {Natal} - Manual técnico},
    author          = {Lúcio dos Santos Jotha},
    organization    = {INPE - CRN},
    address         = {Natal, RN},
    year            = {2020},
    month           = {July},
    note            = {Available at <\href{https://ccsl.ifrn.edu.br/wp-content/uploads/2020/07/EMMN-MT-001-V01-Manual-T%C3%A9cnico-da-EMMN.pdf}{https://ccsl.ifrn.edu.br/wp-content/uploads/2020/07/EMMN-MT-001-V01-Manual-Técnico-da-EMMN.pdf}>}
}
