
@Article{en13246691,
AUTHOR = {Filho, Edemar Morsch and Seman, Laio Oriel and Rigo, Cezar Antônio and Nicolau, Vicente de Paulo and Ovejero, Raúl García and Leithardt, Valderi Reis Quietinho},
TITLE = {Irradiation Flux Modelling for Thermal–Electrical Simulation of CubeSats: Orbit, Attitude and Radiation Integration},
JOURNAL = {Energies},
VOLUME = {13},
YEAR = {2020},
NUMBER = {24},
ARTICLE-NUMBER = {6691},
URL = {https://www.mdpi.com/1996-1073/13/24/6691},
ISSN = {1996-1073},
DOI = {10.3390/en13246691}
}



