@manual{fsat2-mechanical,
    title           = {FloripaSat-2 Mechanical Project},
    organization    = {Space Technology Research Laboratory (SpaceLab)},
    year            = {2021},
    note            = {Available at <\url{https://github.com/spacelab-ufsc/floripasat2-mechanical}>}
}
