@manual{g5500,
    title           = {Yaesu G-5500 Antenna Azimuth-Elevation Rotators and Controller},
    organization    = {Yaesu Musen Co. Ltd.},
    address         = {Tennozu Parkside Building, 2-5-8 Higashi-Shinagawa, Shinagawa-ku, Tokyo 140-0002, Japan}
}
