@manual{gh-actions,
    title           = {GitHub Actions - Automate your workflow from idea to production},
    author          = {GitHub, Inc.},
    year            = {2021},
    note            = {Available at <\url{https://github.com/features/actions}>}
}
