@manual{gmat,
    title           = {General Mission Analysis Tool (GMAT)},
    author          = {National Aeronautics and Space Administration (NASA)},
    year            = {2021},
    note            = {Available at <\url{https://software.nasa.gov/software/GSC-17177-1}>}
}
