@inproceedings{golds,
    author          = {{Mattiello-Francisco, FÃ¡tima; Carvalho, Manoel; Santos, Marcos; Garbi, Giuliani}},
    title           = {Fostering Environmental Data Collection with GOLDS Constellation},
    booktitle       = {UN/Brazil Symposium on Basic Space Technology},
    year            = {2018}
}
