@manual{gpredict,
    title           = {Gpredict},
    author          = {Alexandru Csete},
    year            = {2021},
    note            = {Available at <\url{http://gpredict.oz9aec.net/}>}
}
