@manual{ic9700,
    title           = {IC-9700 VHF/UHF Transceiver},
    organization    = {Icom America Inc.},
    year            = {2021},
    note            = {Available at <\url{http://www.icomamerica.com/en/products/amateur/hf/9700/default.aspx}>}
}
