@article{marcelino2021,
    author  = {G. M. {Marcelino} and E. M. {Filho} and S. V. {Martinez} and A. M. P. {Mattos} and L. O. {Seman} and L. K. {Slongo} and E. A. {Bezerra}},
    journal = {Journal of Systems Engineering and Electronics},
    title   = {Qualification and validation test methodology of the open-source CubeSat FloripaSat-I},
    year    = {2020},
    volume  = {31},
    number  = {6},
    pages   = {1230-1244},
    doi     = {10.23919/JSEE.2020.000103}
}
