@inproceedings{marino2016,
    author      = {Coronel Mariño, Gabriel and Burger, Eduardo and Loureiro, Geilson and Bogossian, Otávio},
    title       = {Mission analysis for a remote sensing CubeSat mission over the Amazon rainforest},
    booktitle   = {IAA-BR-16-1P-01},
    year        = {2016},
    month       = {February}
}
