@manual{pc104-specification,
    title           = {PC/104 Specification Version 2.6},
    organization    = {PC/104 Consortium},
    year            = {2008},
    note            = {Available at <\url{https://pc104.org/wp-content/uploads/2015/02/PC104_Spec_v2_6.pdf}>}
}