@manual{rf-splitter,
    title           = {RF Splitter Documentation},
    organization    = {Space Technology Research Laboratory (SpaceLab)},
    year            = {2021},
    note            = {Available at <\href{https://github.com/spacelab-ufsc/rf-splitter}>}
}
