@manual{sinda,
    title   = {Sistema Integrado de Dados Ambientais - SINDA},
    author  = {INPE},
    year    = {2022},
    note    = {Available at <\url{http://sinda.crn.inpe.br/}>}
}