@manual{spacelab-transmitter,
    title           = {SpaceLab Packet Transmitter},
    organization    = {Space Technology Research Laboratory (SpaceLab)},
    year            = {2021},
    note            = {Available at <\url{https://github.com/spacelab-ufsc/spacelab-transmitter}>}
}
