@manual{spacelab-decoder,
    title           = {SpaceLab Packet Decoder},
    organization    = {Space Technology Research Laboratory (SpaceLab)},
    year            = {2021},
    note            = {Available at <\url{https://github.com/spacelab-ufsc/spacelab-decoder}>}
}
