@manual{spacelab,
    title           = {Space Research Laboratory - SpaceLab},
    author          = {Universidade Federal de Santa Catarina},
    year            = {2021},
    note            = {Available at <\url{https://spacelab.ufsc.br/}>}
}
