@manual{z99sc-62-s,
    title           = {Coaxial Power Splitter/Combiner Z99SC-62-S+},
    organization    = {Mini-Circuits},
    address         = {Brooklyn, NY - USA},
    note            = {Available at <\url{https://www.minicircuits.com/pdfs/Z99SC-62-S+.pdf}>}
}
