@manual{zfl500ln,
    title           = {Coaxial Low Noise Amplifier - ZFL-500LN+},
    organization    = {Mini-Circuits},
    year            = {2022},
    note            = {Available at <\href{https://www.minicircuits.com/pdfs/ZFL-500LN+.pdf}>}
}