@manual{zhl50w,
    title           = {Coaxial High Power Amplifier - ZHL-50W-52-S+},
    organization    = {Mini-Circuits},
    year            = {2022},
    note            = {Available at <\href{https://www.minicircuits.com/pdfs/ZHL-50W-52-S+.pdf}>}
}